%%%%%%%%%%%%%%%%%%%%%%%%%%%%%%%%%%%%%%%%%%%%%%%%%%%%%%%%
%% Bibliography file
%% Author: Torsten Kroeger
%% Date of creation: Apr. 2007
%% Last update: ??
%% File name: Literatur.bib
%%%%%%%%%%%%%%%%%%%%%%%%%%%%%%%%%%%%%%%%%%%%%%%%%%%%%%%%
@Peamble{\input{bibnames.sty}}}


@String{ICRA       = {Proc. of IEEE International Conference on Robotics and Automation}}
@String{ICAR       = {Proc. of IEEE International Conference on Advanced Robotics}}
@String{IROS       = {Proc. of IEEE/RSJ International Conference on Intellegent Robotic Systems}}
@String{MMAR       = {Proc. of IEEE International Conference on Methods and Models in Automation and Robotics}}
@String{MFI        = {Proc. of IEEE International Conference on Multisensor Fusion and Integration for Intelligent Systems}}

@String{TransRA    = {IEEE Trans. on Robotics and Automation}}
@String{TransR     = {IEEE Trans. on Robotics}}
@String{TransASE   = {IEEE Trans. on Automation Science and Engineering}}
@String{TransAC    = {IEEE Trans. on Automatic Control}}
@String{TransIE    = {IEEE Trans. on Industrial Electronics}}
@String{TransSMCC  = {IEEE Trans. on Systems, Man, and Cybernetics, Part C: Applications and Reviews}}
@String{IJRR       = {The International Journal of Robotics Research}}
@String{JRS        = {Journal of Robotic Systems}}
@String{AR         = {Advanced Robotics}}
@String{SAA        = {Sensors and Actuators A: Physical}}



@article{Amarasinghe:07,
    author       = {R.~Amarasinghe and D.~V.~Dao and T.~Toriyama and S.~Sugiyama},
    title        = {Development of miniaturized 6-axis accelerometer utilizing piezoresistive sensing elements},
    journal      = SAA,
    volume       = 134,
    number       = 2,
    pages        = {310--320},
    publisher    = {Elsevier},
    month        = mar,
    year         = 2007}

@misc{Autosar:05,
    author       = {AUTOSAR GbR},
    title        = {AUTOSAR Homepage. $\langle$http://www.autosar.org$\rangle$  [Stand: 23.~April 2007]},
    howpublished = {Internet},
    year         = {2007}}

@book{Baeten:04,
    author       = {J.~Baeten and J.~De~Schutter},
    title        = {Integrated Visual Servoing and Force Control},
    publisher    = {Springer},
    series       = {Springer Tracts in Advanced Robotics},
    volume       = 8,
    year         = 2004}

@inproceedings{Benhabib:04,
    author       = {W.~S.~Owen and E.~A.~Croft and B.~Benhabib},
    title        = {Real-Time Trajectory Resolution for Dual Robot Machining},
    booktitle    = IROS,
    pages        = {1471--1477},
    year         = 2001}

@phdthesis{Bruyninckx:95,
    author        = {H.~Bruyninckx},
    title        = {Kinematic Models for Robot Compliant Motion with Identification of Uncertainities},
    school       = {KU Leuven, Department of Mechanical Engineering},
    year         = 1995}
